<?xml version='1.0' encoding='UTF-8'?>
<record xmlns="http://www.loc.gov/MARC21/slim">
  <leader>01478cam a2200325M  4500</leader>
  <controlfield tag="001">1705755</controlfield>
  <controlfield tag="003">NjP</controlfield>
  <controlfield tag="005">20170311183134.0</controlfield>
  <controlfield tag="008">890925s1969    ir            000 0 ara  </controlfield>
  <datafield tag="024" ind1="7" ind2=" ">
    <subfield code="a">princeton_aco001540</subfield>
    <subfield code="2">local</subfield>
  </datafield>
  <datafield ind1=" " ind2=" " tag="010">
    <subfield code="a">   73200342  </subfield>
  </datafield>
  <datafield ind1=" " ind2=" " tag="035">
    <subfield code="a">(OCoLC)ocm23492276</subfield>
  </datafield>
  <datafield ind1=" " ind2=" " tag="035">
    <subfield code="9">CFN2663TS</subfield>
  </datafield>
  <datafield ind1=" " ind2=" " tag="040">
    <subfield code="a">DLC</subfield>
    <subfield code="c">EYM</subfield>
    <subfield code="d">PUL</subfield>
  </datafield>
  <datafield ind1="0" ind2=" " tag="041">
    <subfield code="a">arafre</subfield>
  </datafield>
  <datafield ind1=" " ind2="4" tag="050">
    <subfield code="a">BP 193</subfield>
    <subfield code="b">.A455</subfield>
  </datafield>
  <datafield ind1="1" ind2=" " tag="100">
    <subfield code="a">Āmulī, Ḥaydar ibn ʻAlī,</subfield>
    <subfield code="d">active 14th century.</subfield>
    <subfield code="0">http://id.loc.gov/authorities/names/n88638122</subfield>
  </datafield>
  <datafield ind1="0" ind2="0" tag="240">
    <subfield code="a">Jāmiʻ al-asrār wa-manbaʻ al-anwār</subfield>
  </datafield>
  <datafield ind1="1" ind2="0" tag="245">
    <subfield code="a">Kitāb-i jāmiʻ al-asrār va manbaʻ al-anvār.</subfield>
  </datafield>
  <datafield ind1=" " ind2=" " tag="260">
    <subfield code="a">Tehran,</subfield>
    <subfield code="c">1969</subfield>
  </datafield>
  <datafield ind1=" " ind2=" " tag="300">
    <subfield code="a">62, 832, 76 p.</subfield>
    <subfield code="c">25 cm.</subfield>
  </datafield>
  <datafield ind1="1" ind2=" " tag="490">
    <subfield code="a">16 #</subfield>
  </datafield>
  <datafield ind1=" " ind2=" " tag="500">
    <subfield code="a">Added t. p.: La philosophie shiʻite: 1. Somme des doctrines ésotériques (Jāmiʻ al-asrār) 2. Traité de la connaissance de lʻétre (FI maʻrifat al-wojūd) [par] Haydar Amoli.</subfield>
  </datafield>
  <datafield ind1=" " ind2=" " tag="500">
    <subfield code="a">Text in Arabic: introductions in Arabic and French.</subfield>
  </datafield>
  <datafield ind1=" " ind2="0" tag="650">
    <subfield code="a">Shīʻah</subfield>
    <subfield code="x">Doctrines</subfield>
    <subfield code="0">http://id.loc.gov/authorities/subjects/sh85121391</subfield>
  </datafield>
  <datafield ind1="1" ind2=" " tag="700">
    <subfield code="a">Āmulī, Ḥaydar ibn ʻAlī,</subfield>
    <subfield code="d">active 14th century.</subfield>
    <subfield code="t">Risālat naqd al-nuqūd fī maʻrifat al-wujūd</subfield>
    <subfield code="f">1969.</subfield>
    <subfield code="0">http://id.loc.gov/authorities/names/n88638122</subfield>
  </datafield>
  <datafield ind1="0" ind2=" " tag="740">
    <subfield code="a">Jāmiʻ al-asrār wa-manbaʻ al-anwār.</subfield>
  </datafield>
  <datafield ind1="0" ind2=" " tag="740">
    <subfield code="a">Risalat nuqd al-nuqūd fī maʻrifat al-wujūd.</subfield>
  </datafield>
  <datafield ind1=" " ind2="0" tag="830">
    <subfield code="a">Bibliothèque iranienne.</subfield>
    <subfield code="v">16.</subfield>
  </datafield>
  <datafield ind1=" " ind2=" " tag="947">
    <subfield code="a">CFN2663</subfield>
  </datafield>
  <datafield ind1=" " ind2=" " tag="911">
    <subfield code="a">20000130</subfield>
  </datafield>
  <datafield ind1="0" ind2="0" tag="852">
    <subfield code="0">1964830</subfield>
    <subfield code="b">nec</subfield>
    <subfield code="t">0</subfield>
    <subfield code="h">BP194</subfield>
    <subfield code="i">.A485 1969</subfield>
  </datafield>
  <datafield ind1=" " ind2=" " tag="959">
    <subfield code="a">2000-06-13 00:00:00 -0400</subfield>
  </datafield>
</record>
